@article{tausz,
author = {Tausz, Andrew and Carlsson, Gunnar},
year = {2011},
month = {08},
pages = {},
title = {Applications of Zigzag Persistence to Topological Data Analysis}
}

@ARTICLE{chazal,
       author = {{Chazal}, Fr{\'e}d{\'e}ric and {Michel}, Bertrand},
        title = "{An introduction to Topological Data Analysis: fundamental and practical aspects for data scientists}",
      journal = {arXiv e-prints},
     keywords = {Mathematics - Statistics Theory, Computer Science - Machine Learning, Mathematics - Algebraic Topology, Statistics - Machine Learning},
         year = "2017",
        month = "Oct",
          eid = {arXiv:1710.04019},
        pages = {arXiv:1710.04019},
archivePrefix = {arXiv},
       eprint = {1710.04019},
 primaryClass = {math.ST},
       adsurl = {https://ui.adsabs.harvard.edu/abs/2017arXiv171004019C},
      adsnote = {Provided by the SAO/NASA Astrophysics Data System}
}